@Manual{R-rayrender,
  title = {rayrender: Build and Raytrace 3D Scenes},
  author = {Tyler Morgan-Wall},
  year = {2024},
  note = {R package version 0.34.3},
  url = {https://www.rayrender.net},
}

